@PREAMBLE{ "\providecommand{\Loc}[1]{\textsf{#1}} " }
@PREAMBLE{ "\providecommand{\de}[1]{d'#1} " }
@PREAMBLE{ "\providecommand{\Loc}[1]{\textsf{#1}}" 
	 # "\providecommand{\SortNoop}[1]{}" }

@Book{		  Dempster:69,
   title	= {Elements of Continuous Multivariate Analysis},
   publisher	= {Addison-Wesley},
   year		= {1969},
   author	= {A. P. Dempster},
   address	= {Reading, MA}
}

@Article{	  Friendly:genridge:2012,
   author	= {Friendly, Michael},
   title	= {The Generalized Ridge Trace Plot: Visualizing Bias and
		  Precision},
   journal	= {Journal of Computational and Graphical Statistics},
   year		= {2012},
   volume	= {21},
   number	= {},
   note		= {In press; Accepted, 2/1/2012},
   url		= {http://datavis.ca/papers/genridge.pdf}
}

@Manual{	  genridge,
   title	= {genridge: Generalized ridge trace plots for ridge
		  regression},
   author	= {Michael Friendly},
   year		= {2011},
   note		= {R package version 0.6-0},
   url		= {http://CRAN.R-project.org/package=genridge}
}

@Manual{	  rgl,
   title	= {rgl: {3D} visualization device system (OpenGL)},
   author	= {Daniel Adler and Duncan Murdoch},
   year		= {2011},
   note		= {R package version 0.92.798},
   url		= {http://CRAN.R-project.org/package=rgl}
}

@Manual{	  p3d,
   title	= {p3d: Plot 3d data and fitted surfaces},
   author	= {Georges Monette and Michael Friendly and John Fox},
   year		= {2011},
   note		= {R package version 0.02-4/r31},
   url		= {http://R-Forge.R-project.org/projects/p3d/}
}

@Manual{	  spida,
   title	= {spida: Collection of miscellaneous functions for mixed
		  models etc. prepared for SPIDA 2009},
   author	= {Georges Monette},
   year		= {2011},
   note		= {R package version 0.1-1/r28},
   url		= {http://R-Forge.R-project.org/projects/spida/}
}
